<record><leader>00000cas a22000007a 4500</leader><controlfield tag="001">20303492</controlfield><controlfield tag="008">890906d18871902nduwr ne      0    0eng d</controlfield><datafield ind1=" " ind2=" " tag="010"><subfield code="a">sn 89074270 </subfield></datafield><datafield ind1=" " ind2=" " tag="040"><subfield code="a">NOP</subfield><subfield code="b">eng</subfield><subfield code="c">NOP</subfield><subfield code="d">OCLCQ</subfield></datafield><datafield ind1="0" ind2=" " tag="041"><subfield code="a">engnor</subfield></datafield><datafield ind1=" " ind2=" " tag="042"><subfield code="a">msc</subfield></datafield><datafield ind1="0" ind2=" " tag="130"><subfield code="a">Times record (Valley City, N.D.)</subfield></datafield><datafield ind1="1" ind2="4" tag="245"><subfield code="a">The Times record.</subfield></datafield><datafield ind1=" " ind2=" " tag="260"><subfield code="a">Valley City, N.D. :</subfield><subfield code="b">Record Pub. Co.</subfield></datafield><datafield ind1=" " ind2=" " tag="300"><subfield code="a">v. :</subfield><subfield code="b">ill. ;</subfield><subfield code="c">53-57 cm.</subfield></datafield><datafield ind1=" " ind2=" " tag="310"><subfield code="a">Weekly,</subfield><subfield code="b">Nov. 12, 1891-Oct. 9, 1902</subfield></datafield><datafield ind1=" " ind2=" " tag="321"><subfield code="a">Weekly,</subfield><subfield code="b">1887-July 9, 1891</subfield></datafield><datafield ind1=" " ind2=" " tag="321"><subfield code="a">Semiweekly,</subfield><subfield code="b">July 13, 1891-Nov. 5, 1891</subfield></datafield><datafield ind1="1" ind2=" " tag="362"><subfield code="a">Began in Apr. 1887.</subfield></datafield><datafield ind1="0" ind2=" " tag="362"><subfield code="a">-v. 24, no. 27 (Oct. 9, 1902).</subfield></datafield><datafield ind1=" " ind2=" " tag="500"><subfield code="a">"Official Paper of City and County", 1889, 1891-1894, 1901-1902; "Official Paper", 1890-1891; "Official Paper of Barnes County", 1895, 1899-1901.</subfield></datafield><datafield ind1=" " ind2=" " tag="530"><subfield code="a">Available on microfilm from the State Historical Society of North Dakota.</subfield></datafield><datafield ind1=" " ind2=" " tag="546"><subfield code="a">Occasional columns in Norwegian.</subfield></datafield><datafield ind1=" " ind2=" " tag="588"><subfield code="a">Description based on: Vol. 11, no. 22 (Sept. 19, 1889).</subfield></datafield><datafield ind1=" " ind2=" " tag="752"><subfield code="a">United States</subfield><subfield code="b">North Dakota</subfield><subfield code="c">Barnes</subfield><subfield code="d">Valley City.</subfield></datafield><datafield ind1="0" ind2="4" tag="780"><subfield code="t">Valley City weekly times</subfield><subfield code="w">(DLC)sn 89074269</subfield></datafield><datafield ind1="0" ind2="4" tag="780"><subfield code="t">Barnes County record</subfield></datafield><datafield ind1="0" ind2="0" tag="785"><subfield code="t">Valley City times=record (Valley City, N.D. : 1902)</subfield><subfield code="w">(DLC)sn 89074271</subfield></datafield></record>